<?xml version="1.0" encoding="UTF-8"?><collection xmlns="http://www.loc.gov/MARC21/slim"><record><leader>00500nam--2200157-i-4500</leader><controlfield tag="001">000006366</controlfield><controlfield tag="002">20161230</controlfield><controlfield tag="005">20170221160437</controlfield><controlfield tag="008">060222s1000------------r-----000-0-eng-d</controlfield><datafield ind1=" " ind2=" " tag="100"><subfield code="a">Desrues, R</subfield></datafield><datafield ind1=" " ind2=" " tag="245"><subfield code="a">Contribution a l etude de l oxydation du monocarbure d uranium dans l anhydride carbonique aux temperatures elevees</subfield></datafield><datafield ind1=" " ind2=" " tag="260"><subfield code="a">Prague</subfield><subfield code="b">Agence International E De L Energie Atomique</subfield><subfield code="c">1963</subfield></datafield><datafield ind1=" " ind2=" " tag="300"><subfield code="a">31 p</subfield></datafield><datafield ind1=" " ind2=" " tag="700"><subfield code="a">Darras, R</subfield></datafield><datafield ind1=" " ind2=" " tag="852"><subfield code="a">621.039.542.342</subfield></datafield><datafield ind1=" " ind2=" " tag="CAT"><subfield code="a">SYS</subfield><subfield code="c">20170221</subfield><subfield code="h">160437</subfield></datafield></record></collection>